% Utilisation d'alias :
% @string { PRL = {Physical Review Letters}}
% ensuite on peut utiliser l'alias PRL



%%%%%%%%%%%%%%%%%%%%%%%%%%%%%%%%%%
%        STANDARDS  ECC
%%%%%%%%%%%%%%%%%%%%%%%%%%%%%%%%%%




%%%%%%%%%%%%%%%%%%%%%%%%%%%%%%%%%%
%        TWIST SECURITY
%%%%%%%%%%%%%%%%%%%%%%%%%%%%%%%%%%
@incollection{lim1997,
  title={A key recovery attack on discrete log-based schemes using a prime order subgroup},
  author={Lim, Chae Hoon and Lee, Pil Joong},
  booktitle={Advances in Cryptology‚ÄîCRYPTO'97},
  pages={249--263},
  year={1997},
  publisher={Springer}
}

@inproceedings{biehl2000,
  title={Differential fault attacks on elliptic curve cryptosystems},
  author={Biehl, Ingrid and Meyer, Bernd and M{\"u}ller, Volker},
  booktitle={Advances in Cryptology‚ÄîCRYPTO 2000},
  pages={131--146},
  year={2000},
  organization={Springer}
}


%%%%%%%%%%%%%%%%%%%%%%%%%%%%%%%%%%
%        ANOMALOUS CURVE
%%%%%%%%%%%%%%%%%%%%%%%%%%%%%%%%%%
@article{smart1999discrete,
  title={The discrete logarithm problem on elliptic curves of trace one},
  author={Smart, Nigel P},
  journal={Journal of cryptology},
  volume={12},
  number={3},
  pages={193--196},
  year={1999},
  publisher={Springer}
}

@article{satoh1998fermat,
  title={Fermat quotients and the polynomial time discrete log algorithm for anomalous elliptic curves},
  author={Satoh, Takakazu},
  journal={Commentarii Math. Univ. Sancti Pauli},
  volume={47},
  number={1},
  pages={81--92},
  year={1998}
}

@article{semaev1998evaluation,
  title={Evaluation of discrete logarithms in a group of ùëù-torsion points of an elliptic curve in characteristic ùëù},
  author={Semaev, Igor},
  journal={Mathematics of Computation of the American Mathematical Society},
  volume={67},
  number={221},
  pages={353--356},
  year={1998}
}


%%%%%%%%%%%%%%%%%%%%%%%%%%%%%%%%%%
%              ECSM
%%%%%%%%%%%%%%%%%%%%%%%%%%%%%%%%%%
@incollection{moller2003improved,
  title={Improved techniques for fast exponentiation},
  author={M{\"o}ller, Bodo},
  booktitle={Information security and cryptology‚ÄîICISC 2002},
  pages={298--312},
  year={2003},
  publisher={Springer}
}

@inproceedings{coron1999resistance,
  title={Resistance against differential power analysis for elliptic curve cryptosystems},
  author={Coron, Jean-S{\'e}bastien},
  booktitle={Cryptographic Hardware and Embedded Systems},
  pages={292--302},
  year={1999},
  organization={Springer}
}

@inproceedings{lopez1999fast,
  title={Fast multiplication on elliptic curves over GF (2m) without precomputation},
  author={L{\'o}pez, Julio and Dahab, Ricardo},
  booktitle={Cryptographic Hardware and Embedded Systems},
  pages={316--327},
  year={1999},
  organization={Springer}
}

@article{feng2005efficient,
  title={Efficient Comb Elliptic Curve Multiplication Methods Resistant to Power Analysis.},
  author={Feng, Min and Zhu, Bin B and Xu, Maozhi and Li, Shipeng},
  journal={IACR Cryptology ePrint Archive},
  volume={2005},
  pages={222},
  year={2005},
  publisher={Citeseer}
}

@incollection{feng2006signed,
  title={Signed MSB-set comb method for elliptic curve point multiplication},
  author={Feng, Min and Zhu, Bin B and Zhao, Cunlai and Li, Shipeng},
  booktitle={Information Security Practice and Experience},
  pages={13--24},
  year={2006},
  publisher={Springer}
}

@incollection{hedabou2005countermeasures,
  title={Countermeasures for preventing comb method against SCA attacks},
  author={Hedabou, Mustapha and Pinel, Pierre and B{\'e}n{\'e}teau, Lucien},
  booktitle={Information Security Practice and Experience},
  pages={85--96},
  year={2005},
  publisher={Springer}
}


%%%%%%%%%%%%%%%%%%%%%%%%%%%%%%%%%%
%           KOBLITZ CURVE
%%%%%%%%%%%%%%%%%%%%%%%%%%%%%%%%%%
@inproceedings{koblitz1992cm,
  title={CM-curves with good cryptographic properties},
  author={Koblitz, Neal},
  booktitle={Advances in cryptology‚ÄîCRYPTO‚Äô91},
  pages={279--287},
  year={1992},
  organization={Springer}
}

@article{solinas2000efficient,
  title={Efficient arithmetic on Koblitz curves},
  author={Solinas, Jerome A},
  journal={Designs, Codes and Cryptography},
  volume={19},
  number={2-3},
  pages={195--249},
  year={2000},
  publisher={Springer}
}


%%%%%%%%%%%%%%%%%%%%%%%%%%%%%%%%%%
%           ATOMICIT√â
%%%%%%%%%%%%%%%%%%%%%%%%%%%%%%%%%%
@article{chevallier2004low,
  title={Low-cost solutions for preventing simple side-channel analysis: Side-channel atomicity},
  author={Chevallier-Mames, Beno{\^\i}t and Ciet, Mathieu and Joye, Marc},
  journal={Computers, IEEE Transactions on},
  volume={53},
  number={6},
  pages={760--768},
  year={2004},
  publisher={IEEE}
}

@phdthesis{longa2007accelerating,
  title={Accelerating the scalar multiplication on elliptic curve cryptosystems over prime fields},
  author={Longa, Patrick},
  year={2007},
  school={University of Ottawa}
}

@incollection{giraud2010atomicity,
  title={Atomicity improvement for elliptic curve scalar multiplication},
  author={Giraud, Christophe and Verneuil, Vincent},
  booktitle={Smart Card Research and Advanced Application},
  pages={80--101},
  year={2010},
  publisher={Springer}
}

@incollection{rondepierre2014revisiting,
  title={Revisiting atomic patterns for scalar multiplications on elliptic curves},
  author={Rondepierre, Franck},
  booktitle={Smart Card Research and Advanced Applications},
  pages={171--186},
  year={2014},
  publisher={Springer}
}


%%%%%%%%%%%%%%%%%%%%%%%%%%%%%%%%%%
%       DPA Countermeasure
%%%%%%%%%%%%%%%%%%%%%%%%%%%%%%%%%%
@incollection{ciet2003virtually,
  title={(Virtually) free randomization techniques for elliptic curve cryptography},
  author={Ciet, Mathieu and Joye, Marc},
  booktitle={Information and Communications Security},
  pages={348--359},
  year={2003},
  publisher={Springer}
}




%%%%%%%%%%%%%%%%%%%%%%%%%%%%%%%%%%
%           General
%%%%%%%%%%%%%%%%%%%%%%%%%%%%%%%%%%
@article{koblitz2011elliptic,
  title={Elliptic curve cryptography: The serpentine course of a paradigm shift},
  author={Koblitz, Ann Hibner and Koblitz, Neal and Menezes, Alfred},
  journal={Journal of Number theory},
  volume={131},
  number={5},
  pages={781--814},
  year={2011},
  publisher={Elsevier}
}
